                 

# 1.背景介绍

时间序列分析是研究时间上有序的观测数据的科学。随着数据量的增加，传统的时间序列分析方法已经不能满足现实生活中的需求。集成学习是一种机器学习方法，它通过将多个模型的预测结果进行融合，可以提高预测精度。在这篇文章中，我们将探讨集成学习与时间序列分析的结合，探索新的时间序列模型方向。

# 2.核心概念与联系

## 2.1 时间序列分析

时间序列分析是研究在时间上有顺序关系的观测数据的科学。时间序列数据通常具有以下特点：

1. 数据点在时间上有顺序关系。
2. 数据点之间存在时间上的依赖关系。
3. 数据点可能具有季节性或周期性。

常见的时间序列分析方法有：

1. 移动平均（Moving Average, MA）
2. 指数移动平均（Exponential Moving Average, EMA）
3. 自动回归积分（Auto Regressive Integrated Moving Average, ARIMA）
4. 季节性分解（Seasonal Decomposition）
5. 差分（Differencing）

## 2.2 集成学习

集成学习是一种机器学习方法，它通过将多个模型的预测结果进行融合，可以提高预测精度。集成学习的核心思想是：多个不同的模型在同一个问题上的预测结果具有一定的独立性和不确定性，通过将这些预测结果进行融合，可以获得更准确的预测结果。

常见的集成学习方法有：

1. 平均法（Averaging）
2. 投票法（Voting）
3. 加权平均法（Weighted Averaging）
4. 随机森林（Random Forest）
5. 梯度提升（Gradient Boosting）

# 3.核心算法原理和具体操作步骤以及数学模型公式详细讲解

在本节中，我们将详细讲解如何将集成学习与时间序列分析结合，以探索新的时间序列模型方向。

## 3.1 时间序列集成学习框架

时间序列集成学习框架如下：

1. 数据预处理：对时间序列数据进行清洗、处理和转换。
2. 模型构建：构建多个时间序列模型。
3. 模型训练：对每个时间序列模型进行训练。
4. 预测结果融合：将多个模型的预测结果进行融合，得到最终的预测结果。

## 3.2 数据预处理

数据预处理包括以下步骤：

1. 缺失值处理：对于含有缺失值的时间序列数据，可以使用平均值、中位数或者最近邻等方法进行填充。
2. 差分处理：对于含有趋势的时间序列数据，可以进行差分处理，以去除趋势。
3. 季节性分解：对于含有季节性的时间序列数据，可以进行季节性分解，以提取季节性组件。

## 3.3 模型构建

模型构建包括以下步骤：

1. 选择模型：根据问题特点和数据特点，选择合适的时间序列模型。
2. 参数调整：对选定的模型进行参数调整，以优化模型性能。

## 3.4 模型训练

模型训练包括以下步骤：

1. 训练模型：使用训练数据集训练选定的时间序列模型。
2. 验证模型：使用验证数据集验证模型性能。

## 3.5 预测结果融合

预测结果融合包括以下步骤：

1. 预测：使用训练好的模型进行预测。
2. 融合：将多个模型的预测结果进行融合，得到最终的预测结果。

## 3.6 数学模型公式详细讲解

在本节中，我们将详细讲解时间序列模型的数学模型公式。

### 3.6.1 移动平均（MA）

移动平均（MA）是一种简单的时间序列模型，它通过将当前观测值与前几个观测值的平均值进行关联，来预测未来观测值。

$$
y_t = \frac{1}{w} \sum_{i=-(w-1)}^{w-1} a_i y_{t-i} + \epsilon_t
$$

其中，$y_t$ 是当前观测值，$w$ 是窗口大小，$a_i$ 是权重，$\epsilon_t$ 是误差项。

### 3.6.2 指数移动平均（EMA）

指数移动平均（EMA）是一种权重 decay 的移动平均方法，它通过将当前观测值与前几个观测值的权重平均值进行关联，来预测未来观测值。

$$
y_t = \alpha y_{t-1} + (1-\alpha) y_{t-1}
$$

其中，$y_t$ 是当前观测值，$\alpha$ 是权重参数，取值范围为 $[0,1]$。

### 3.6.3 自动回归积分（ARIMA）

自动回归积分（ARIMA）是一种混合时间序列模型，它通过将当前观测值与前几个观测值的自回归项和差分项进行关联，来预测未来观测值。

$$
(1-\phi_1 B - \cdots - \phi_p B^p)(1-B)^d y_t = \theta_0 + \cdots + \theta_q B^q \epsilon_t
$$

其中，$y_t$ 是当前观测值，$B$ 是回滚操作，$\phi_i$ 是自回归参数，$p$ 是自回归项的阶数，$d$ 是差分项的阶数，$\theta_i$ 是差分项的阶数，$\epsilon_t$ 是误差项。

### 3.6.4 季节性分解

季节性分解是一种将时间序列数据分解为基本组件的方法，包括趋势组件、季节性组件和随机噪声组件。

$$
y_t = Trend + Seasonality + Noise
$$

其中，$y_t$ 是当前观测值，$Trend$ 是趋势组件，$Seasonality$ 是季节性组件，$Noise$ 是随机噪声组件。

### 3.6.5 平均法（Averaging）

平均法是一种简单的集成学习方法，它通过将多个模型的预测结果进行平均，来得到最终的预测结果。

$$
\hat{y}_t = \frac{1}{K} \sum_{k=1}^K y_{t,k}
$$

其中，$\hat{y}_t$ 是当前预测值，$y_{t,k}$ 是第 $k$ 个模型的预测值，$K$ 是模型数量。

### 3.6.6 投票法（Voting）

投票法是一种简单的集成学习方法，它通过将多个模型的预测结果进行投票，来得到最终的预测结果。

$$
\hat{y}_t = \text{argmax} \sum_{k=1}^K \delta(y_{t,k}, \hat{y}_{t,k})
$$

其中，$\hat{y}_t$ 是当前预测值，$y_{t,k}$ 是第 $k$ 个模型的预测值，$\hat{y}_{t,k}$ 是第 $k$ 个模型的预测结果，$\delta(\cdot)$ 是指示函数。

### 3.6.7 加权平均法（Weighted Averaging）

加权平均法是一种简单的集成学习方法，它通过将多个模型的预测结果进行加权平均，来得到最终的预测结果。

$$
\hat{y}_t = \sum_{k=1}^K w_k y_{t,k}
$$

其中，$\hat{y}_t$ 是当前预测值，$y_{t,k}$ 是第 $k$ 个模型的预测值，$w_k$ 是第 $k$ 个模型的权重。

### 3.6.8 随机森林（Random Forest）

随机森林是一种基于决策树的集成学习方法，它通过将多个决策树的预测结果进行融合，来得到最终的预测结果。

$$
\hat{y}_t = \frac{1}{K} \sum_{k=1}^K f_k(y_{t,k})
$$

其中，$\hat{y}_t$ 是当前预测值，$f_k(\cdot)$ 是第 $k$ 个决策树的预测函数，$K$ 是决策树数量。

### 3.6.9 梯度提升（Gradient Boosting）

梯度提升是一种基于梯度下降的集成学习方法，它通过将多个梯度下降模型的预测结果进行融合，来得到最终的预测结果。

$$
\hat{y}_t = \sum_{k=1}^K \beta_k f_k(y_{t,k})
$$

其中，$\hat{y}_t$ 是当前预测值，$f_k(\cdot)$ 是第 $k$ 个梯度下降模型的预测函数，$\beta_k$ 是第 $k$ 个梯度下降模型的权重。

# 4.具体代码实例和详细解释说明

在本节中，我们将通过一个具体的时间序列预测问题，详细解释如何使用集成学习方法进行时间序列预测。

## 4.1 问题描述

我们需要预测一家电商平台的月度销售额。电商平台的销售额数据如下：

```
2019-01: 10000
2019-02: 11000
2019-03: 12000
2019-04: 13000
2019-05: 14000
2019-06: 15000
2019-07: 16000
2019-08: 17000
2019-09: 18000
2019-10: 19000
2019-11: 20000
2019-12: 21000
2020-01: 22000
2020-02: 23000
2020-03: 24000
2020-04: 25000
2020-05: 26000
2020-06: 27000
2020-07: 28000
2020-08: 29000
2020-09: 30000
2020-10: 31000
2020-11: 32000
2020-12: 33000
```

我们需要使用集成学习方法，预测2021年1月至2021年12月的销售额。

## 4.2 数据预处理

首先，我们需要将销售额数据转换为时间序列数据。我们可以将月份转换为时间戳，并将销售额作为时间序列值。

```python
import pandas as pd

data = {
    'month': ['2019-01', '2019-02', '2019-03', '2019-04', '2019-05', '2019-06', '2019-07', '2019-08', '2019-09', '2019-10', '2019-11', '2019-12', '2020-01', '2020-02', '2020-03', '2020-04', '2020-05', '2020-06', '2020-07', '2020-08', '2020-09', '2020-10', '2020-11', '2020-12'],
    'sales': [10000, 11000, 12000, 13000, 14000, 15000, 16000, 17000, 18000, 19000, 20000, 21000, 22000, 23000, 24000, 25000, 26000, 27000, 28000, 29000, 30000, 31000, 32000, 33000]
}

df = pd.DataFrame(data)
df['month'] = pd.to_datetime(df['month'])
df.set_index('month', inplace=True)
```

## 4.3 模型构建

我们选择了三种时间序列模型进行预测：移动平均（MA）、自动回归积分（ARIMA）和季节性分解。

### 4.3.1 移动平均（MA）

我们可以使用移动平均（MA）模型对销售额数据进行预测。我们选择了窗口大小为3的移动平均模型。

```python
from statsmodels.tsa.arima_model import ARIMA

ma_model = ARIMA(df['sales'], order=(1, 0, 0))
ma_model_fit = ma_model.fit()
```

### 4.3.2 自动回归积分（ARIMA）

我们可以使用自动回归积分（ARIMA）模型对销售额数据进行预测。我们选择了自回归项的阶数为1、差分项的阶数为1，并且没有季节性。

```python
arima_model = ARIMA(df['sales'], order=(1, 1, 0))
arima_model_fit = arima_model.fit()
```

### 4.3.3 季节性分解

我们可以使用季节性分解对销售额数据进行预测。我们选择了季节性为12的季节性分解模型。

```python
from statsmodels.tsa.seasonal import seasonal_decompose

seasonal_decompose(df['sales']).seasonal
```

## 4.4 模型训练

我们已经对三种时间序列模型进行了构建，接下来我们需要对这些模型进行训练。

### 4.4.1 移动平均（MA）

我们可以使用训练数据集训练移动平均模型。

```python
ma_model_fit.fit()
```

### 4.4.2 自动回归积分（ARIMA）

我们可以使用训练数据集训练自动回归积分模型。

```python
arima_model_fit.fit()
```

### 4.4.3 季节性分解

我们可以使用训练数据集训练季节性分解模型。

```python
seasonal_decompose(df['sales']).fit(model='additive')
```

## 4.5 预测结果融合

我们已经对三种时间序列模型进行了训练，接下来我们需要将这些模型的预测结果进行融合，得到最终的预测结果。

### 4.5.1 平均法（Averaging）

我们可以使用平均法对三种模型的预测结果进行融合。

```python
ma_pred = ma_model_fit.predict(start=pd.Timestamp('2021-01-01'), end=pd.Timestamp('2021-12-01'))
arima_pred = arima_model_fit.predict(start=pd.Timestamp('2021-01-01'), end=pd.Timestamp('2021-12-01'))
seasonal_pred = seasonal_decompose(df['sales']).fit(model='additive').seasonal.predict(start=pd.Timestamp('2021-01-01'), end=pd.Timestamp('2021-12-01'))
avg_pred = (ma_pred + arima_pred + seasonal_pred) / 3
```

### 4.5.2 投票法（Voting）

我们可以使用投票法对三种模型的预测结果进行融合。

```python
ma_pred = ma_model_fit.predict(start=pd.Timestamp('2021-01-01'), end=pd.Timestamp('2021-12-01'))
arima_pred = arima_model_fit.predict(start=pd.Timestamp('2021-01-01'), end=pd.Timestamp('2021-12-01'))
seasonal_pred = seasonal_decompose(df['sales']).fit(model='additive').seasonal.predict(start=pd.Timestamp('2021-01-01'), end=pd.Timestamp('2021-12-01'))
vote_pred = np.argmax([ma_pred, arima_pred, seasonal_pred])
```

### 4.5.3 加权平均法（Weighted Averaging）

我们可以使用加权平均法对三种模型的预测结果进行融合。

```python
ma_pred = ma_model_fit.predict(start=pd.Timestamp('2021-01-01'), end=pd.Timestamp('2021-12-01'))
arima_pred = arima_model_fit.predict(start=pd.Timestamp('2021-01-01'), end=pd.Timestamp('2021-12-01'))
seasonal_pred = seasonal_decompose(df['sales']).fit(model='additive').seasonal.predict(start=pd.Timestamp('2021-01-01'), end=pd.Timestamp('2021-12-01'))
weighted_pred = 0.33 * ma_pred + 0.33 * arima_pred + 0.34 * seasonal_pred
```

### 4.5.4 随机森林（Random Forest）

我们可以使用随机森林对三种模型的预测结果进行融合。

```python
from sklearn.ensemble import RandomForestRegressor

rf_model = RandomForestRegressor(n_estimators=100, random_state=42)
rf_model.fit(np.array([ma_pred, arima_pred, seasonal_pred]).T, df['sales'])
rf_pred = rf_model.predict(np.array([ma_pred, arima_pred, seasonal_pred]).T)
```

### 4.5.5 梯度提升（Gradient Boosting）

我们可以使用梯度提升对三种模型的预测结果进行融合。

```python
from sklearn.ensemble import GradientBoostingRegressor

gb_model = GradientBoostingRegressor(n_estimators=100, random_state=42)
gb_model.fit(np.array([ma_pred, arima_pred, seasonal_pred]).T, df['sales'])
gb_pred = gb_model.predict(np.array([ma_pred, arima_pred, seasonal_pred]).T)
```

# 5.未来发展趋势与挑战

未来发展趋势：

1. 时间序列分析的自动化：随着机器学习和深度学习技术的发展，时间序列分析的自动化将成为可能，从而减轻数据科学家和分析师的工作负担。
2. 多模式集成：时间序列分析将与其他类型的数据分析方法（如图像分析、文本分析、网络分析等）结合，以实现更高效的预测和分析。
3. 实时分析：随着大数据技术的发展，时间序列分析将在实时数据流中进行，以满足实时预测和决策的需求。
4. 跨域应用：时间序列分析将在金融、供应链、物流、气候变化等领域得到广泛应用，为各种行业提供智能决策支持。

挑战：

1. 数据质量和缺失值：时间序列数据的质量问题（如缺失值、噪声、异常值等）将继续是时间序列分析中的挑战。
2. 非线性和复杂模式：随着数据的增长和复杂性，时间序列分析需要处理更复杂的非线性模式，这将对模型选择和参数估计带来挑战。
3. 解释可视化：时间序列分析的结果需要清晰、直观的可视化表示，以帮助决策者理解和采取行动。这将需要更复杂的可视化技术和方法。
4. 模型解释性：随着模型的增加，解释模型的过程将变得更加复杂，需要更好的解释性模型和方法。

# 6.附录

常见问题解答：

1. **什么是时间序列分析？**

时间序列分析是一种分析方法，用于研究具有时间顺序关系的观测数据。时间序列分析通常用于预测未来的值、识别数据中的趋势、季节性和残差，以及对数据进行分解和解释。

2. **什么是集成学习？**

集成学习是一种机器学习方法，它通过将多个弱学习器（如决策树、随机森林、梯度提升等）的预测结果进行融合，来得到更强的学习器。集成学习可以减少单个学习器的过拟合问题，提高预测准确性。

3. **如何选择合适的时间序列模型？**

选择合适的时间序列模型需要考虑数据的特征、问题类型和业务需求。常见的时间序列模型包括移动平均、自动回归积分、季节性分解等。通过对比不同模型的优点和缺点，可以选择最适合特定问题的模型。

4. **如何处理缺失值和异常值？**

缺失值可以通过插值、删除或预测等方法进行处理。异常值可以通过统计方法（如Z分数测试、IQR范围测试等）或机器学习方法（如异常值检测模型）进行检测和处理。

5. **如何评估时间序列模型的性能？**

时间序列模型的性能可以通过均方误差（MSE）、均方根误差（RMSE）、平均绝对误差（MAE）、平均绝对百分比误差（MAPE）等指标进行评估。这些指标可以帮助我们了解模型的预测准确性和稳定性。

6. **如何处理非线性和复杂模式？**

非线性和复杂模式可以通过使用更复杂的时间序列模型（如神经网络、卷积神经网络、循环神经网络等）或通过特征工程、数据转换等方法进行处理。这些方法可以帮助我们捕捉数据中的更多信息和模式。

7. **如何进行模型选择和参数调整？**

模型选择和参数调整可以通过交叉验证、信息Criterion（如AIC、BIC等）或Grid Search等方法进行。这些方法可以帮助我们选择最佳的模型和参数组合，从而提高模型的性能。

8. **如何解释时间序列模型的结果？**

时间序列模型的结果可以通过分析模型参数、趋势组件、季节组件和残差组件等方法进行解释。这些方法可以帮助我们理解数据中的趋势、季节性和随机性，从而提供有意义的分析和预测。

9. **如何实现时间序列分析和集成学习的工具和库？**

时间序列分析和集成学习的工具和库包括Python中的statsmodels、scikit-learn、pandas等。这些库提供了丰富的功能，可以帮助我们实现各种时间序列分析和集成学习任务。

10. **如何处理高频时间序列数据？**

高频时间序列数据通常需要使用更高的时间分辨率和更复杂的模型进行处理。高频时间序列数据可以使用技术分析、机器学习、深度学习等方法进行预测和分析。这些方法可以帮助我们捕捉数据中的更多信息和模式。

11. **如何处理不平衡时间序列数据？**

不平衡时间序列数据可能存在不同频率、不同长度和不同分辨率的观测值。处理不平衡时间序列数据需要进行时间同步、数据填充、数据切片等方法。这些方法可以帮助我们将不同频率的数据统一为一个时间序列。

12. **如何处理多变量时间序列数据？**

多变量时间序列数据包含多个观测值，这些观测值可能存在相关性和依赖关系。处理多变量时间序列数据需要进行多变量时间序列分析、多变量模型构建和多变量预测等方法。这些方法可以帮助我们捕捉多变量数据中的更多信息和模式。

13. **如何处理空值和异常值？**

空值和异常值可能影响时间序列数据的质量和准确性。处理空值和异常值需要进行缺失值检测、异常值检测和异常值处理等方法。这些方法可以帮助我们消除不良数据，提高模型的性能。

14. **如何处理季节性和周期性？**

季节性和周期性是时间序列数据中常见的模式。处理季节性和周期性需要进行季节性分解、周期性分解和季节性调整等方法。这些方法可以帮助我们捕捉数据中的季节性和周期性模式，从而提高预测准确性。

15. **如何处理随机性和噪声？**

随机性和噪声是时间序列数据中的噪音信号，可能影响预测准确性。处理随机性和噪声需要进行滤波处理、差分处理和平滑处理等方法。这些方法可以帮助我们减少数据中的噪声，提高模型的性能。

16. **如何处理非线性和复杂模式？**

非线性和复杂模式是时间序列数据中